<record><leader>00000cas a2200000 a 4500</leader><controlfield tag="001">1640091</controlfield><controlfield tag="008">750920d19281934nyuwr ne      0    0eng c</controlfield><datafield ind1=" " ind2=" " tag="010"><subfield code="a">sn 92060631 </subfield></datafield><datafield ind1=" " ind2=" " tag="040"><subfield code="a">MUL</subfield><subfield code="b">eng</subfield><subfield code="c">MUL</subfield><subfield code="d">OCL</subfield><subfield code="d">YOX</subfield><subfield code="d">NYS</subfield><subfield code="d">NVF</subfield><subfield code="d">DLC</subfield><subfield code="d">CRL</subfield><subfield code="d">CRU</subfield><subfield code="d">OCLCQ</subfield><subfield code="d">OCLCF</subfield><subfield code="d">OCLCO</subfield><subfield code="d">CUV</subfield><subfield code="d">Y5J</subfield></datafield><datafield ind1=" " ind2=" " tag="019"><subfield code="a">2264194</subfield><subfield code="a">145387083</subfield></datafield><datafield ind1="1" ind2=" " tag="029"><subfield code="a">AU@</subfield><subfield code="b">000020106931</subfield></datafield><datafield ind1=" " ind2=" " tag="042"><subfield code="a">pcc</subfield></datafield><datafield ind1=" " ind2=" " tag="043"><subfield code="a">n-us-ny</subfield></datafield><datafield ind1="1" ind2="4" tag="050"><subfield code="a">AN1.N58</subfield><subfield code="b">M54</subfield></datafield><datafield ind1=" " ind2=" " tag="096"><subfield code="a">500000575</subfield></datafield><datafield ind1="0" ind2=" " tag="130"><subfield code="a">Militant (New York, N.Y. : 1928)</subfield></datafield><datafield ind1="1" ind2="4" tag="245"><subfield code="a">The militant.</subfield></datafield><datafield ind1=" " ind2=" " tag="260"><subfield code="a">New York, N.Y. :</subfield><subfield code="b">Opposition Group in the Workers (Communist) Party of America,</subfield><subfield code="c">1928-1934.</subfield></datafield><datafield ind1="3" ind2="1" tag="264"><subfield code="3">June 1, 1929-December 8, 1934:</subfield><subfield code="a">New York, N.Y. :</subfield><subfield code="b">Communist League of America (Opposition)</subfield></datafield><datafield ind1=" " ind2=" " tag="300"><subfield code="a">7 v.</subfield></datafield><datafield ind1=" " ind2=" " tag="310"><subfield code="a">Weekly,</subfield><subfield code="b">July 4, 1931-Dec. 8, 1934</subfield></datafield><datafield ind1=" " ind2=" " tag="321"><subfield code="a">Frequency varies,</subfield><subfield code="b">Nov. 15, 1928-June 15, 1931</subfield></datafield><datafield ind1="0" ind2=" " tag="362"><subfield code="a">Vol. 1, no. 1 (Nov. 15, 1928)-v. 7, no. 48 (Dec. 8, 1934) = Whole no. [1]-252.</subfield></datafield><datafield ind1=" " ind2=" " tag="530"><subfield code="a">Also issued on microfilm from New York Public Library.</subfield></datafield><datafield ind1=" " ind2=" " tag="530"><subfield code="a">Also issued online.</subfield></datafield><datafield ind1=" " ind2=" " tag="500"><subfield code="a">"Organ of the Opposition Group in the Workers (Communist) Party of America."; "Weekly organ of the Communist League of America (Opposition), &lt;July 4, 1931&gt; -</subfield></datafield><datafield ind1=" " ind2="0" tag="650"><subfield code="a">Communism</subfield><subfield code="z">United States</subfield><subfield code="v">Newspapers.</subfield></datafield><datafield ind1=" " ind2="0" tag="651"><subfield code="a">New York (N.Y.)</subfield><subfield code="v">Newspapers.</subfield></datafield><datafield ind1=" " ind2="7" tag="650"><subfield code="a">Communism.</subfield><subfield code="2">fast</subfield><subfield code="0">(OCoLC)fst00870421</subfield></datafield><datafield ind1=" " ind2="7" tag="651"><subfield code="a">New York (State)</subfield><subfield code="z">New York.</subfield><subfield code="2">fast</subfield><subfield code="0">(OCoLC)fst01204333</subfield></datafield><datafield ind1=" " ind2="7" tag="651"><subfield code="a">United States.</subfield><subfield code="2">fast</subfield><subfield code="0">(OCoLC)fst01204155</subfield></datafield><datafield ind1=" " ind2="7" tag="655"><subfield code="a">Newspapers.</subfield><subfield code="2">fast</subfield><subfield code="0">(OCoLC)fst01423814</subfield></datafield><datafield ind1="2" ind2=" " tag="710"><subfield code="a">Workers Party of America.</subfield></datafield><datafield ind1="2" ind2=" " tag="710"><subfield code="a">Communist Party U.S.A. (Opposition)</subfield></datafield><datafield ind1="2" ind2=" " tag="710"><subfield code="a">Communist League of America (Opposition)</subfield></datafield><datafield ind1=" " ind2=" " tag="752"><subfield code="a">United States</subfield><subfield code="b">New York</subfield><subfield code="c">New York</subfield><subfield code="d">New York.</subfield></datafield><datafield ind1="0" ind2=" " tag="775"><subfield code="t">Militant (New York, N.Y. : 1928)</subfield><subfield code="w">(DLC)   70014854</subfield><subfield code="w">(OCoLC)4479476</subfield></datafield><datafield ind1="0" ind2="7" tag="785"><subfield code="t">Labor action (New York, N.Y. : 1933)</subfield><subfield code="w">(DLC)sn 95061693</subfield><subfield code="w">(OCoLC)2263385</subfield></datafield><datafield ind1="0" ind2="7" tag="785"><subfield code="t">New militant</subfield><subfield code="w">(DLC)sn 93062819</subfield><subfield code="w">(OCoLC)1586655</subfield></datafield><datafield ind1="4" ind2="1" tag="856"><subfield code="u">http://bibpurl.oclc.org/web/45723</subfield><subfield code="u">http://www.marxists.org/history/etol/newspape/themilitant/index.htm</subfield></datafield></record>